@InProceedings{improveproxy,
title = {Improved proxy re-encryptionschemes with  applications  to  secure  distributed storage},
author = {G. Ateniese, K. Fu, M. Green and S. Hohenberger},
journal = {Springer- Verlag},
booktitle={In NDSS},
year = {2005},
pages={29-43}
}
@manual{sagemath,
  Key          = {SageMath},
  Author       = {{The Sage Developers}},
  Title        = {{S}ageMath, the {S}age {M}athematics {S}oftware {S}ystem ({V}ersion 9.0)},
  note         = {{\tt https://www.sagemath.org}},
  Year         = {2020},
}

@InProceedings{Elgamal,
title = {A Public Key Cryptosystem and a Signature Scheme Based on Discrete Logarithms},
author = {T. ElGamal},
booktitle = {CRYPTO, IT-31(4)},
year = {1985},
volume ={4},
pages = {469-472}
}
@Article{sow,
title = { A new variant of El Gamal's encryption and signatures schemes},
author = {Demba Sow and Djiby Sow},
journal = {JP Journal of Algebra, Number Theory and Applications},
year = {2011},
volume ={20},
number ={1},
pages = {21-39}
}
@InProceedings{Bla-Bleu-Stra,
title = {Divertible protocols and atomic proxy cryptography},
author = {Matt Blaze, G. Bleumer and M. Strauss},
booktitle={In Proceedings of Eurocrypt 1998},
year = {1998},
volume ={1403},
pages = {127-144}
}
@article{cramer2003design,
  title={Design and analysis of practical public-key encryption schemes secure against adaptive chosen ciphertext attack},
  author={Cramer, Ronald and Shoup, Victor},
  journal={SIAM Journal on Computing},
  volume={33},
  number={1},
  pages={167--226},
  year={2003},
  publisher={SIAM}
}
